@article{fasy2014statistical,
   title={Confidence Sets For Persistence Diagrams},
   author={Fasy, Brittany Terese and Lecci, Fabrizio and Rinaldo, Alessandro and Wasserman, Larry and Balakrishnan, Sivaraman and Singh, Aarti},
   journal={Annals of Statistics},
   year={2014},
   volume = {42},
   number = {6},
   pages = {2301--39},
   note={Preprint available at ArXiv:1303.7117.}
}


