@article{praggastis2016maximal,
  title={Maximal Sections of Sheaves of Data over an Abstract Simplicial Complex},
  author={Praggastis, Brenda},
  journal={arXiv preprint arXiv:1612.00397},
  year={2016}
}
@article{robinson2017sheaves,
  title={Sheaves are the Canonical Data Structure for Sensor Integration},
  author={Robinson, Michael},
  journal={Information Fusion},
  volume={36},
  pages={208--224},
  year={2017},
  publisher={Elsevier}
}
@misc{robinson2018assignments,
	title={Assignments to sheaves of pseudometric spaces},
	author={Michael Robinson},
	year={2018},
	eprint={1805.08927},
	archivePrefix={arXiv},
	primaryClass={math.AT}
}
@book{spivak2014category,
  title={Category Theory for the Sciences},
  author={Spivak, David I.},
  year={2014},
  publisher={MIT Press}
}
@book{hatcher2002algebraic,
  title={Algebraic Topology},
  author={Hatcher, Allen},
  year={2002},
  publisher={Cambridge University Press}
}
@book{mac2013categories,
  title={Categories for the working mathematician},
  author={Mac Lane, Saunders},
  volume={5},
  year={2013},
  publisher={Springer Science \& Business Media}
}
@article{fong2018seven,
  title={Seven Sketches in Compositionality: An Invitation to Applied Category Theory},
  author={Fong, Brendan and Spivak, David I},
  journal={arXiv preprint arXiv:1803.05316},
  year={2018}
}
@book{pierce1991basic,
  title={Basic category theory for computer scientists},
  author={Pierce, Benjamin C and Benjamin, C and Pierce, Benjamin C and Garey, Michael R and Meyer, Albert},
  year={1991},
  publisher={MIT press}
}
@misc{nlab:sheaf,
  author = {{nLab authors}},
  title = {sheaf},
  howpublished = {\url{http://ncatlab.org/nlab/show/sheaf}},
  note = {{http://ncatlab.org/nlab/revision/sheaf/66}{Revision 66}},
  month = jan,
  year = 2020
}
